<record><leader>00000cas a22000007a 4500</leader><controlfield tag="001">24170288</controlfield><controlfield tag="008">910802d18891915nyuwr ne      0    0eng d</controlfield><datafield ind1=" " ind2=" " tag="010"><subfield code="a">sn 91066377 </subfield></datafield><datafield ind1=" " ind2=" " tag="040"><subfield code="a">NYS</subfield><subfield code="b">eng</subfield><subfield code="c">NYS</subfield><subfield code="d">OCLCQ</subfield></datafield><datafield ind1=" " ind2=" " tag="042"><subfield code="a">msc</subfield></datafield><datafield ind1="0" ind2="0" tag="245"><subfield code="a">Broome County herald.</subfield></datafield><datafield ind1=" " ind2=" " tag="260"><subfield code="a">Chenango Forks, N.Y. :</subfield><subfield code="b">F.D. Van Amburgh</subfield></datafield><datafield ind1=" " ind2=" " tag="300"><subfield code="a">v. ;</subfield><subfield code="c">54 cm.</subfield></datafield><datafield ind1=" " ind2=" " tag="310"><subfield code="a">Weekly</subfield></datafield><datafield ind1="1" ind2=" " tag="362"><subfield code="a">Began Aug. 27, 1889? Ceased in 1915?</subfield></datafield><datafield ind1=" " ind2=" " tag="588"><subfield code="a">Description based on: Vol. 2, no. 18 (Sept. 4, 1889).</subfield></datafield><datafield ind1=" " ind2="4" tag="651"><subfield code="a">Chenango Forks (N.Y.)</subfield><subfield code="v">Newspapers.</subfield></datafield><datafield ind1=" " ind2=" " tag="752"><subfield code="a">United States</subfield><subfield code="b">New York</subfield><subfield code="c">Broome</subfield><subfield code="d">Chenango Forks.</subfield></datafield><datafield ind1="0" ind2="0" tag="780"><subfield code="t">Chenango Forks herald</subfield><subfield code="w">(DLC)sn 91066378</subfield><subfield code="w">(OCoLC)24170252</subfield></datafield><datafield ind1="0" ind2="4" tag="785"><subfield code="t">Chenango American</subfield><subfield code="w">(DLC)sn 83031218</subfield></datafield><datafield ind1="1" ind2=" " tag="029"><subfield code="a">AU@</subfield><subfield code="b">000025907503</subfield></datafield></record>